% 
% Books
%

@book{JunMXseries2012,
	author = {{Douglas Richard Hanks and Harry Reynolds}},
	title = {{Juniper MX Series}},
	date = {2012},
	publisher = {Oâ€™Reilly Media, Inc.},
	keywords={books},
}

%
% Links
%

@misc{BasicINT2023,
	howpublished = {\url{https://www.vivaxsolutions.com/maths/albscintgrtn.aspx}},
	keywords={online},
}

@misc{Overleaf-styBIB2023,
	howpublished = {\url{https://de.overleaf.com/learn/latex/Bibtex_bibliography_styles}},
	keywords={online},
}