@misc{BasicINT2023,
	author = {{Not Known}},
	howpublished = {\url{https://www.mn.uio.no/ifi/tjenester/it/hjelp/latex/biblatex-guide.pdf}},
	keywords={online},
}

@misc{Overleaf-multipleBIB2023,
	author = {{Not Known}},
	howpublished = {\url{https://www.overleaf.com/learn/latex/Questions/Creating_multiple_bibliographies_in_the_same_document}},
	keywords={online},
}

@misc{Overleaf-styBIB2023,
	author = {{Not Known}},
	howpublished = {\url{https://de.overleaf.com/learn/latex/Bibtex_bibliography_styles}},
	keywords={online},
}

@misc{RefExplained2023,
	author = {{Not Known}},
	howpublished = {\url{https://library.leeds.ac.uk/info/1402/referencing/47/referencing_explained}},
	keywords={online},
}
