% 
% Books
%

@book{JunMXseries2012,
	author = {{Douglas Richard Hanks and Harry Reynolds}},
	title = {{Juniper MX Series}},
	publisher = {O’Reilly Media, Inc.},
	date = {2012},
	keywords={books},
}

@book{JunSRXSer2013,
	author = {{Mike Loukides, Meghan Blanchette}},
	title = {{Juniper SRX Series}},
	publisher = {O’Reilly Media, Inc.},
	date = {2013},
	keywords={books},
}

% 
% Web Publications
%

@misc{Hun2023,
	author = {{Author, A.}},
	year = 2015,
	howpublished = {\url{https://www.mn.uio.no/ifi/tjenester/it/hjelp/latex/biblatex-guide.pdf}},
	keywords={online},
}

@misc{Ove2023a,
	author = {Author, A.},
	year = 2015,
	howpublished = {\url{https://www.overleaf.com/learn/latex/Questions/Creating_multiple_bibliographies_in_the_same_document}},
	keywords={online},
}

@misc{Ove2023b,
	author = {Author, A.},
	year = 2015,
	howpublished = {\url{https://de.overleaf.com/learn/latex/Bibtex_bibliography_styles}},
	keywords={online},
}

@misc{Ref2023,
	author = {Author, A.},
	year = 2015,
	howpublished = {\url{https://library.leeds.ac.uk/info/1402/referencing/47/referencing_explained}},
	keywords={online},
}
