% 
% Books
%

@book{haha,
	author = {{Norb haha}},
	title = {{Juniper MX Series}},
	publisher = {Oâ€™Reilly Media, Inc.},
	date = {2012},
	keywords={books},
}