% 
% Books
%

@book{huhu,
	author = {{Norbert EHART}},
	title = {{Juniper MX Series}},
	publisher = {O’Reilly Media, Inc.},
	date = {2012},
	keywords={books},
}

@book{hahahaha,
	author = {{Norbert EHART}},
	title = {{Juniper MX Series}},
	publisher = {O’Reilly Media, Inc.},
	date = {2012},
	keywords={books},
}