@misc{Overleaf2023,
	author = {{Overleaf}},
	title = {{Learn Latex}},
	year = {2023}, 
	howpublished = {\url{https://www.overleaf.com/learn}},
}

@misc{xcolor2022,
	author = {{Uwe Kern}},
	title = {{the xcolor package}},
	year = {2022}, 
	howpublished = {\url{https://mirror.kumi.systems/ctan/macros/latex/contrib/xcolor/xcolor.pdf}},
}