@misc{Dickimaw2012,
	author = {{Nicola L. C. Talbot}},
	title = {{LATEX for Complete Novices}},
	year = {2012}, 
	howpublished = {\url{https://www.dickimaw-books.com/latex/novices/novices-report.pdf}},
}

@misc{BABEL2023,
	author = {{Javier Bezos; Johannes L. Braams}},
	title = {{Babel}},
	year = {2023}, 
	howpublished = {\url{https://mirror.easyname.at/ctan/macros/latex/required/babel/base/babel.pdf}},
}

@misc{CookbookLATEX1995,
	author = {{Alexander Binder}},
	title = {{Cookbook for Latex}},
	year = {1995}, 
	howpublished = {\url{https://user.medunigraz.at/alexander.binder/texhelp/cookbook/first.html}},
}

@misc{tcolorbox2023,
	author = {{Thomas F. Sturm}},
	title = {{tcolorbox}},
	year = {2023}, 
	howpublished = {\url{https://texdoc.org/serve/tcolorbox.pdf/0}},
}

@misc{fancyhdr2022,
	author = {{Pieter van Oostrum}},
	title = {{The fancyhdr and extramarks packages}},
	year = {2022}, 
	howpublished = {\url{https://mirror.easyname.at/ctan/macros/latex/contrib/fancyhdr/fancyhdr.pdf}},
}

@misc{tocloft2020,
	author = {{Peter Wilson, Herries Press}},
	title = {{The tocloft package}},
	year = {2020}, 
	howpublished = {\url{https://ctan.math.illinois.edu/macros/latex/contrib/tocloft/tocloft.pdf}},
}

@misc{geometry2020,
	author = {{Hideo Umeki}},
	title = {{The geometry package}},
	year = {2020}, 
	howpublished = {\url{https://mirror.easyname.at/ctan/macros/latex/contrib/geometry/geometry.pdf}},
}

@misc{sdcLATEX2022,
	author = {{Johannes Braams}},
	title = {{Standard Document Classes for Latex}},
	year = {2022}, 
	howpublished = {\url{https://mirror.kumi.systems/ctan/macros/latex/base/classes.pdf}},
}

@misc{layout2021,
	author = {{Kent McPherson}},
	title = {{Displaying page layout variables}},
	year = {2021}, 
	howpublished = {\url{https://mirror.kumi.systems/ctan/macros/latex/required/tools/layout.pdf}},
}

@misc{parskip2021,
	author = {{Frank Mittelbach}},
	title = {{The parskip package}},
	year = {2021}, 
	howpublished = {\url{https://mirror.easyname.at/ctan/macros/latex/contrib/parskip/parskip.pdf}},
}

@misc{lipsum2021,
	author = {{Patrick Happel}},
	title = {{lipsum}},
	year = {2021}, 
	howpublished = {\url{https://mirror.kumi.systems/ctan/macros/latex/contrib/lipsum/lipsum.pdf}},
}

@misc{inputenc2021,
	author = {{Alan Jeffrey; Frank Mittelbach}},
	title = {{Inputenc}},
	year = {2021}, 
	howpublished = {\url{https://mirror.kumi.systems/ctan/macros/latex/base/inputenc.pdf}},
}

@misc{lastpage2023,
	author = {{Martin M.}},
	title = {{The lastpage package}},
	year = {2023}, 
	howpublished = {\url{https://mirror.kumi.systems/ctan/macros/latex/contrib/lastpage/lastpage.pdf}},
}

@misc{TTT2021,
	author = {{Javier Bezos}},
	title = {{The titlesec, titleps and titletoc Packages}},
	year = {2021}, 
	howpublished = {\url{https://mirror.kumi.systems/ctan/macros/latex/contrib/titlesec/titlesec.pdf}},
}

@misc{emptypage2010,
	author = {{Karl Wette}},
	title = {{The emptypage package}},
	year = {2010}, 
	howpublished = {\url{https://mirror.kumi.systems/ctan/macros/latex/contrib/emptypage/emptypage.pdf}},
}

@misc{URL2013,
	author = {{Donald Arseneau}},
	title = {{The url package}},
	year = {2013}, 
	howpublished = {\url{https://mirror.kumi.systems/ctan/macros/latex/contrib/url/url.pdf}},
}

@misc{Khatchadourian2018,
	author = {{Raffi Khatchadourian}},
	title = {{Figure is not in outer par mode}},
	year = {2018}, 
	howpublished = {\url{https://tex.stackexchange.com/questions/124346/latex-error-not-in-outer-par-mode}},
}

@misc{layouts1999,
	author = {{Peter R. Wilson}},
	title = {{The layouts package}},
	year = {1999}, 
	howpublished = {\url{https://ctex.org/documents/packages/layout/layman.pdf}},
}

@misc{epslatex2006,
	author = {{Keith Reckdahl}},
	title = {{Using Imported Graphics in Latex}},
	year = {2006}, 
	howpublished = {\url{http://tug.ctan.org/info/epslatex.pdf}},
}

@misc{TUGboat2014,
	author = {{Frank Mittelbach}},
	title = {{How to influence the position of float environments}},
	year = {2014}, 
	howpublished = {\url{https://www.latex-project.org/publications/2014-FMi-TUB-tb111mitt-float-placement.pdf}},
}

@misc{OL-Label2023,
	author = {{Overleaf}},
	title = {{Referencing Figures}},
	year = {2023}, 
	howpublished = {\url{https://de.overleaf.com/learn/latex/Referencing_Figures}},
}

@misc{refstyle2010,
	author = {{Danie Els}},
	title = {{The refstyle package}},
	year = {2010}, 
	howpublished = {\url{https://mirror.kumi.systems/ctan/macros/latex/contrib/refstyle/refstyle.pdf}},
}

@misc{javatpoint2023,
	author = {{JavatPoint}},
	title = {{Latex Figures}},
	year = {2023}, 
	howpublished = {\url{https://www.javatpoint.com/latex-figures}},
}

@misc{WikiBOOKS2023,
	author = {{wikiBOOKS}},
	title = {{Latex/Labels and Cross-referencing}},
	year = {2023}, 
	howpublished = {\url{https://en.wikibooks.org/wiki/LaTeX/Labels_and_Cross-referencing}},
}

@misc{OL-Images2023,
	author = {{Overleaf}},
	title = {{Inserting Images}},
	year = {2023}, 
	howpublished = {\url{https://www.overleaf.com/learn/latex/Inserting_Images}},
}

@misc{graphics2021,
	author = {{D. P. Carlisle}},
	title = {{Packages in the ‘graphics’ bundle}},
	year = {2021}, 
	howpublished = {\url{https://mirror.las.iastate.edu/tex-archive/macros/latex/required/graphics/grfguide.pdf}},
}

@misc{Weh2023,
	author = {{Tobias Weh}},
	title = {{Crop an inserted image}},
	year = {2023}, 
	howpublished = {\url{https://tex.stackexchange.com/questions/57418/crop-an-inserted-image}},
}

@misc{OL-Wrapping2023,
	author = {{Overleaf}},
	title = {{Wrapping text around figures}},
	year = {2023}, 
	howpublished = {\url{https://de.overleaf.com/learn/latex/Wrapping_text_around_figures}},
}

@misc{wrapfig2003,
	author = {{Donald Arseneau}},
	title = {{The wrapfig package}},
	year = {2003}, 
	howpublished = {\url{https://mirror.kumi.systems/ctan/macros/latex/contrib/wrapfig/wrapfig-doc.pdf}},
}