@misc{tcolorbox2023,
	author = {{Thomas F. Sturm}},
	title = {{tcolorbox}},
	year = {2023}, 
	howpublished = {\url{https://texdoc.org/serve/tcolorbox.pdf/0}},
}

@misc{Overleaf2023,
	author = {{Overleaf}},
	title = {{Learn Latex}},
	year = {2023}, 
	howpublished = {\url{https://www.overleaf.com/learn}},
}

@misc{xcolor2022,
	author = {{Uwe Kern}},
	title = {{the xcolor package}},
	year = {2022}, 
	howpublished = {\url{https://mirror.kumi.systems/ctan/macros/latex/contrib/xcolor/xcolor.pdf}},
}

@misc{refstyle2010,
	author = {{Danie Els}},
	title = {{The refstyle package}},
	year = {2022}, 
	howpublished = {\url{https://ctan.math.illinois.edu/macros/latex/contrib/refstyle/refstyle.pdf}},
}

@misc{listings2003,
	author = {{Carsten Heinz}},
	title = {{The Listings Package}},
	year = {2003}, 
	howpublished = {\url{http://users.ece.utexas.edu/~garg/dist/listings.pdf}},
}

@misc{verbatim2022,
	author = {{Rainer Schöpf; Bernd Raichle; Chris Rowley}},
	title = {{The verbatim Package}},
	year = {2022}, 
	howpublished = {\url{https://mirror.kumi.systems/ctan/macros/latex/required/tools/verbatim.pdf}},
}

@misc{fancyvrb2023,
	author = {{Denis Girou; Sebastian Rahtz; Herbert Voß}},
	title = {{The fancyvrb Package}},
	year = {2023}, 
	howpublished = {\url{https://texdoc.org/serve/fancyvrb/0}},
}

@misc{Green1995,
	author = {{Sheldon Green}},
	title = {{Help with Latex}},
	year = {1995}, 
	howpublished = {\url{http://webhome.phy.duke.edu/~rgb/General/latex/ltx-79.html}},
}